<?xml version = "1.0" encoding = "UTF-8"?><record>
    <leader>00000nms#a2200000#c#4500</leader>
    <controlfield tag="003">DE-605</controlfield>
    <controlfield tag="005">20190114154700.0</controlfield>
    <controlfield tag="007">cr#|||||||||||</controlfield>
    <controlfield tag="008">160225m20029999xxk#####o##|########eng#c</controlfield>
    <controlfield tag="009">HT018897130</controlfield>
    <controlfield tag="001">990210681310206441</controlfield>
    <datafield tag="035" ind1=" " ind2=" ">
      <subfield code="a">HT018897130</subfield>
    </datafield>
    <datafield tag="035" ind1=" " ind2=" ">
      <subfield code="a">(DE-605)HT018897130</subfield>
    </datafield>
    <datafield tag="035" ind1=" " ind2=" ">
      <subfield code="a">(ALEPHCCHBZ)021068131HBZ01</subfield>
    </datafield>
    <datafield tag="016" ind1="7" ind2=" ">
      <subfield code="a">1084233010</subfield>
      <subfield code="2">DE-101b</subfield>
    </datafield>
    <datafield tag="016" ind1="7" ind2=" ">
      <subfield code="a">2847837-X</subfield>
      <subfield code="2">DE-600</subfield>
    </datafield>
    <datafield tag="022" ind1=" " ind2=" ">
      <subfield code="a">2397-5563</subfield>
    </datafield>
    <datafield tag="029" ind1="a" ind2="d">
      <subfield code="a">1645-4537</subfield>
    </datafield>
    <datafield tag="035" ind1=" " ind2=" ">
      <subfield code="a">(DE-600)2847837-X</subfield>
    </datafield>
    <datafield tag="035" ind1=" " ind2=" ">
      <subfield code="a">(DE-599)ZDB2847837-X</subfield>
    </datafield>
    <datafield tag="040" ind1=" " ind2=" ">
      <subfield code="a">0061</subfield>
      <subfield code="b">ger</subfield>
      <subfield code="c">DNB</subfield>
      <subfield code="d">9001</subfield>
      <subfield code="e">rda</subfield>
    </datafield>
    <datafield tag="041" ind1=" " ind2=" ">
      <subfield code="a">eng</subfield>
    </datafield>
    <datafield tag="044" ind1=" " ind2=" ">
      <subfield code="c">XA-GB</subfield>
    </datafield>
    <datafield tag="084" ind1=" " ind2=" ">
      <subfield code="a">840</subfield>
      <subfield code="a">850</subfield>
      <subfield code="a">860</subfield>
      <subfield code="q">DE-600</subfield>
      <subfield code="2">zdbs</subfield>
    </datafield>
    <datafield tag="245" ind1="0" ind2="0">
      <subfield code="a">Journal of Portuguese linguistics</subfield>
    </datafield>
    <datafield tag="264" ind1="3" ind2="1">
      <subfield code="a">London</subfield>
      <subfield code="b">Ubiquity Press</subfield>
      <subfield code="c">2002-</subfield>
    </datafield>
    <datafield tag="300" ind1=" " ind2=" ">
      <subfield code="a">Online-Ressource</subfield>
    </datafield>
    <datafield tag="336" ind1=" " ind2=" ">
      <subfield code="b">txt</subfield>
    </datafield>
    <datafield tag="337" ind1=" " ind2=" ">
      <subfield code="b">c</subfield>
    </datafield>
    <datafield tag="338" ind1=" " ind2=" ">
      <subfield code="b">cr</subfield>
    </datafield>
    <datafield tag="362" ind1="0" ind2=" ">
      <subfield code="a">Volume 1, issues 1 (2002)-</subfield>
    </datafield>
    <datafield tag="363" ind1="0" ind2="1">
      <subfield code="8">1.1\x</subfield>
      <subfield code="a">1</subfield>
      <subfield code="i">2002</subfield>
    </datafield>
    <datafield tag="500" ind1=" " ind2=" ">
      <subfield code="a">Gesehen am 14.01.2019. - Fortsetzung der Druck-Ausgabe</subfield>
      <subfield code="9">F:501</subfield>
    </datafield>
    <datafield tag="655" ind1=" " ind2="7">
      <subfield code="a">Zeitschrift</subfield>
      <subfield code="0">(DE-588)4067488-5</subfield>
      <subfield code="2">gnd-content</subfield>
    </datafield>
    <datafield tag="776" ind1="0" ind2="8">
      <subfield code="i">Erscheint auch als</subfield>
      <subfield code="n">Druck-Ausgabe, 2002-2015</subfield>
      <subfield code="t">Journal of Portuguese linguistics</subfield>
      <subfield code="d">Lisboa : Ed. Colibri, 2002-[2014oder 2015]</subfield>
      <subfield code="w">(DE-605)HT013677777</subfield>
      <subfield code="9">F:776</subfield>
    </datafield>
    <datafield tag="856" ind1="4" ind2="0">
      <subfield code="u">http://jpl.letras.ulisboa.pt/</subfield>
      <subfield code="x">Verlag</subfield>
      <subfield code="z">kostenfrei</subfield>
    </datafield>
    <datafield tag="856" ind1="4" ind2="0">
      <subfield code="u">https://www.openlibhums.org/journals/</subfield>
      <subfield code="x">Verlag</subfield>
      <subfield code="z">kostenfrei</subfield>
    </datafield>
    <datafield tag="856" ind1="4" ind2="0">
      <subfield code="u">http://www.bibliothek.uni-regensburg.de/ezeit/?2847837</subfield>
      <subfield code="x">EZB</subfield>
    </datafield>
    <datafield tag="960" ind1="1" ind2=" ">
      <subfield code="z">lzZDB</subfield>
    </datafield>
    <datafield tag="964" ind1="0" ind2="s">
      <subfield code="F">030</subfield>
      <subfield code="A">a||ur||||||37</subfield>
    </datafield>
    <datafield tag="964" ind1="0" ind2="s">
      <subfield code="F">050</subfield>
      <subfield code="A">||||||||g|||||</subfield>
    </datafield>
    <datafield tag="964" ind1="0" ind2="s">
      <subfield code="F">052</subfield>
      <subfield code="A">p||||||a|||||||</subfield>
    </datafield>
    <datafield tag="MBD" ind1=" " ind2=" ">
      <subfield code="M">49HBZ_NETWORK</subfield>
      <subfield code="i">990210681310206441</subfield>
      <subfield code="n">HBZ Network</subfield>
    </datafield>
    <datafield tag="MBD" ind1=" " ind2=" ">
      <subfield code="M">49HBZ_FHA</subfield>
      <subfield code="i">991001829199706444</subfield>
      <subfield code="n">Fachhochschule Aachen</subfield>
    </datafield>
    <datafield tag="500" ind1=" " ind2=" ">
      <subfield code="a">Gesehen am 14.01.2019. - Fortsetzung der Druck-Ausgabe</subfield>
      <subfield code="9">F:501</subfield>
      <subfield code="M">49HBZ_FHA</subfield>
    </datafield>
    <datafield tag="776" ind1="0" ind2="8">
      <subfield code="i">Erscheint auch als</subfield>
      <subfield code="n">Druck-Ausgabe, 2002-2015</subfield>
      <subfield code="t">Journal of Portuguese linguistics</subfield>
      <subfield code="d">Lisboa : Ed. Colibri, 2002-[2014oder 2015]</subfield>
      <subfield code="w">(DE-605)HT013677777</subfield>
      <subfield code="9">F:776</subfield>
      <subfield code="M">49HBZ_FHA</subfield>
    </datafield>
    <datafield tag="980" ind1="1" ind2=" ">
      <subfield code="9">LOCAL</subfield>
      <subfield code="e">HBZ</subfield>
      <subfield code="M">49HBZ_FHA</subfield>
    </datafield>
    <datafield tag="981" ind1=" " ind2=" ">
      <subfield code="9">LOCAL</subfield>
      <subfield code="a">(DE-A96)615123</subfield>
      <subfield code="M">49HBZ_FHA</subfield>
    </datafield>
    <datafield tag="997" ind1=" " ind2=" ">
      <subfield code="9">LOCAL</subfield>
      <subfield code="a">20160225</subfield>
      <subfield code="M">49HBZ_FHA</subfield>
    </datafield>
    <datafield tag="MNG" ind1=" " ind2=" ">
      <subfield code="f">ILS</subfield>
      <subfield code="i">marc21</subfield>
      <subfield code="k">01</subfield>
      <subfield code="e">false</subfield>
      <subfield code="g">021068131-HBZ01</subfield>
      <subfield code="j">90</subfield>
      <subfield code="a">import</subfield>
      <subfield code="b">2020-07-16 16:02:28 Europe/Berlin</subfield>
    </datafield>
    <datafield tag="POR" ind1=" " ind2=" ">
      <subfield code="x">System</subfield>
      <subfield code="a">5327810670006444</subfield>
      <subfield code="M">49HBZ_FHA</subfield>
      <subfield code="c">static</subfield>
      <subfield code="l">kostenfrei</subfield>
      <subfield code="y">2020-07-23 14:23:38 Europe/Berlin</subfield>
      <subfield code="w">2020-07-23 14:23:32 Europe/Berlin</subfield>
      <subfield code="D">https://eu04.alma.exlibrisgroup.com/view/uresolver/49HBZ_NETWORK/openurl?u.ignore_date_coverage=true&amp;portfolio_pid=5327810670006444&amp;Force_direct=true</subfield>
      <subfield code="v">P2E_JOB</subfield>
      <subfield code="z">2020-07-23 12:23:32</subfield>
      <subfield code="i">false</subfield>
      <subfield code="S">5227810680006444</subfield>
      <subfield code="d">e?u.ignore_date_coverage=true&amp;rft.mms_id=991001829199706444</subfield>
      <subfield code="b">Available</subfield>
      <subfield code="f">BOOK</subfield>
      <subfield code="8">5327810670006444</subfield>
    </datafield>
    <datafield tag="POR" ind1=" " ind2=" ">
      <subfield code="x">System</subfield>
      <subfield code="a">5327810630006444</subfield>
      <subfield code="M">49HBZ_FHA</subfield>
      <subfield code="c">static</subfield>
      <subfield code="y">2020-07-23 14:23:38 Europe/Berlin</subfield>
      <subfield code="w">2020-07-23 14:23:32 Europe/Berlin</subfield>
      <subfield code="D">https://eu04.alma.exlibrisgroup.com/view/uresolver/49HBZ_NETWORK/openurl?u.ignore_date_coverage=true&amp;portfolio_pid=5327810630006444&amp;Force_direct=true</subfield>
      <subfield code="v">P2E_JOB</subfield>
      <subfield code="z">2020-07-23 12:23:32</subfield>
      <subfield code="i">false</subfield>
      <subfield code="S">5227810640006444</subfield>
      <subfield code="d">e?u.ignore_date_coverage=true&amp;rft.mms_id=991001829199706444</subfield>
      <subfield code="b">Available</subfield>
      <subfield code="f">BOOK</subfield>
      <subfield code="8">5327810630006444</subfield>
    </datafield>
    <datafield tag="POR" ind1=" " ind2=" ">
      <subfield code="x">System</subfield>
      <subfield code="a">5327810650006444</subfield>
      <subfield code="M">49HBZ_FHA</subfield>
      <subfield code="c">static</subfield>
      <subfield code="l">kostenfrei</subfield>
      <subfield code="y">2020-07-23 14:23:38 Europe/Berlin</subfield>
      <subfield code="w">2020-07-23 14:23:32 Europe/Berlin</subfield>
      <subfield code="D">https://eu04.alma.exlibrisgroup.com/view/uresolver/49HBZ_NETWORK/openurl?u.ignore_date_coverage=true&amp;portfolio_pid=5327810650006444&amp;Force_direct=true</subfield>
      <subfield code="v">P2E_JOB</subfield>
      <subfield code="z">2020-07-23 12:23:32</subfield>
      <subfield code="i">false</subfield>
      <subfield code="S">5227810660006444</subfield>
      <subfield code="d">e?u.ignore_date_coverage=true&amp;rft.mms_id=991001829199706444</subfield>
      <subfield code="b">Available</subfield>
      <subfield code="f">BOOK</subfield>
      <subfield code="8">5327810650006444</subfield>
    </datafield>
  </record>